@Comment First synthesis of graphene
@Article{Novoselov_2004,
  author       = {Novoselov, K. S.},
  title        = {Electric Field Effect in Atomically Thin Carbon
                  Films},
  year         = 2004,
  volume       = 306,
  number       = 5696,
  month        = {Oct},
  pages        = {666–669},
  issn         = {1095-9203},
  doi          = {10.1126/science.1102896},
  url          = {http://dx.doi.org/10.1126/science.1102896},
  journal      = {Science},
  publisher    = {American Association for the Advancement of Science
                  (AAAS)}
}

@Comment Review on the first ten years of graphene research
@Article{Randviir_2014,
  author       = {Randviir, Edward P. and Brownson, Dale A.C. and
                  Banks, Craig E.},
  title        = {A decade of graphene research: production,
                  applications and outlook},
  year         = 2014,
  volume       = 17,
  number       = 9,
  month        = {Nov},
  pages        = {426–432},
  issn         = {1369-7021},
  doi          = {10.1016/j.mattod.2014.06.001},
  url          = {http://dx.doi.org/10.1016/j.mattod.2014.06.001},
  journal      = {Materials Today},
  publisher    = {Elsevier BV}
}

@Comment Pristine Graphene is chemically inert; irregularities are reactive
@Article{Eftekhari_2017,
  author       = {Eftekhari, Ali and Garcia, Hermenegildo},
  title        = {The necessity of structural irregularities for the
                  chemical applications of graphene},
  year         = 2017,
  volume       = 4,
  month        = {Jun},
  pages        = {1–16},
  issn         = {2468-5194},
  doi          = {10.1016/j.mtchem.2017.02.003},
  url          = {http://dx.doi.org/10.1016/J.MTCHEM.2017.02.003},
  journal      = {Materials Today Chemistry},
  publisher    = {Elsevier BV}
}

@Comment 
@Article{Zuo_2012,
  author       = {Zuo, Guanghong and Kang, Seung-gu and Xiu, Peng and
                  Zhao, Yuliang and Zhou, Ruhong},
  title        = {Interactions Between Proteins and Carbon-Based
                  Nanoparticles: Exploring the Origin of Nanotoxicity
                  at the Molecular Level},
  year         = 2012,
  volume       = 9,
  number       = {9-10},
  month        = {Oct},
  pages        = {1546–1556},
  issn         = {1613-6810},
  doi          = {10.1002/smll.201201381},
  url          = {http://dx.doi.org/10.1002/smll.201201381},
  journal      = {Small},
  publisher    = {Wiley}
}

